@book{examplebook,
    author    = {John Doe},
    title     = {Introduction to LaTeX},
    year      = {2020},
    publisher = {LaTeX Press},
}

@article{examplearticle,
    author  = {Jane Doe},
    title   = {Advanced LaTeX Techniques},
    journal = {Journal of LaTeX},
    year    = {2021},
    volume  = {10},
    number  = {2},
    pages   = {100-110},
}
